@ARTICLE{indoor_wireless,
author={Hui Liu and Darabi, H. and Banerjee, P. and Jing Liu},
journal={Systems, Man, and Cybernetics, Part C: Applications and Reviews, IEEE Transactions on},
title={Survey of Wireless Indoor Positioning Techniques and Systems},
year={2007},
month={nov. },
volume={37},
number={6},
pages={1067 -1080},
keywords={location fingerprinting;wireless indoor positioning technique;indoor radio;radiowave propagation;},
doi={10.1109/TSMCC.2007.905750},
ISSN={1094-6977},}

